@misc{monaitutorial,
	title = {Brain tumor 3D segmentation with MONAI},
	howpublished = {\url{https://github.com/Project-MONAI/tutorials/blob/main/3d_segmentation/brats_segmentation_3d.ipynb}},
	year = {2023},
	note = {[Accessed 24-Apr-2023]},
}

@misc{hatamizadeh2021unetr,
      title={UNETR: Transformers for 3D Medical Image Segmentation}, 
      author={Ali Hatamizadeh and Yucheng Tang and Vishwesh Nath and Dong Yang and Andriy Myronenko and Bennett Landman and Holger Roth and Daguang Xu},
      year={2021},
      eprint={2103.10504},
      archivePrefix={arXiv},
      primaryClass={eess.IV}
}

@misc{monaiNetworkArchitectures,
	author = {},
	title = {MONAI UNETR Documentation},
	howpublished = {\url{https://docs.monai.io/en/stable/networks.html#unetr}},
	year = {2023},
	note = {[Accessed 24-Apr-2023]},
}

@misc{githubTutorialsswin_unetr_brats21_segmentation_3dipynbMain,
	title = {MONAI SWIN UNETR tutorial},
	howpublished = {\url{https://github.com/Project-MONAI/tutorials/blob/main/3d_segmentation/swin_unetr_brats21_segmentation_3d.ipynb}},
	year = {2023},
	note = {[Accessed 24-Apr-2023]},
}

@misc{githubGitHubLolimedpy,
	author = {},
	title = {{G}it{H}ub - loli/medpy: {M}edical image processing in {P}ython --- github.com},
	howpublished = {\url{https://github.com/loli/medpy/}},
	year = {},
	note = {[Accessed 24-Apr-2023]},
}

@misc{githubMachinelearningarticleshowtousekfoldcrossvalidationwithpytorchmdMain,
	author = {Christian Versloot},
	title = {how to use k-fold cross validation with pytorch.md},
	howpublished = {\url{https://github.com/christianversloot/machine-learning-articles/blob/main/how-to-use-k-fold-cross-validation-with-pytorch.md}},
	note = {[Accessed 24-Apr-2023]},
}

